@article{bengio2009learning,
  title={Learning deep architectures for AI},
  author={Bengio, Yoshua},
  journal={Foundations and trends{\textregistered} in Machine Learning},
  volume={2},
  number={1},
  pages={1--127},
  year={2009},
  publisher={Now Publishers Inc.}
}

@article{schmidhuber2015deep,
  title={Deep learning in neural networks: An overview},
  author={Schmidhuber, J{\"u}rgen},
  journal={Neural Networks},
  volume={61},
  pages={85--117},
  year={2015},
  publisher={Elsevier}
}

@article{hochreiter1997long,
  title={Long short-term memory},
  author={Hochreiter, Sepp and Schmidhuber, J{\"u}rgen},
  journal={Neural computation},
  volume={9},
  number={8},
  pages={1735--1780},
  year={1997},
  publisher={MIT Press}
}

@article{zaremba2014recurrent,
  title={Recurrent neural network regularization},
  author={Zaremba, Wojciech and Sutskever, Ilya and Vinyals, Oriol},
  journal={arXiv preprint arXiv:1409.2329},
  year={2014}
}


@misc{UnderstandingLSTMNetworks,
  title={Understanding LSTM Networks},
  author={Christopher Olah},
  howpublished={\url{http://colah.github.io/posts/2015-08-Understanding-LSTMs/}},
  year={2015}, 
  note={[Online; accessed 2016-12-07]}
}

@misc{TimeSeriesPrediction,
  title={Time Series Prediction with LSTM Recurrent Neural Networks in Python with Keras},
  author={Jason Brownlee},
  howpublished={\url{http://machinelearningmastery.com/time-series-prediction-lstm-recurrent-neural-networks-python-keras/}},
  year={2012}, 
  note={[Online; accessed 2016-12-07]}
}

@misc{RecurrentNeuralNetworksTimeSeriesData,
  title={Recurrent Neural Networks, Time series data and IoT},
  author={Ajit Jaokar},
  howpublished={\url{http://www.datasciencecentral.com/profiles/blogs/recurrent-neural-networks-time-series-data-and-iot-part-one}},
  year={2015}, 
  note={[Online; accessed 2016-12-07]}
}

